<?xml version="1.0" encoding="UTF-8"?><collection xmlns="http://www.loc.gov/MARC21/slim"><record><leader>00481nam--2200133-i-4500</leader><controlfield tag="001">000045458</controlfield><controlfield tag="002">20161230</controlfield><controlfield tag="005">20161230201045</controlfield><controlfield tag="008">060222s1000------------r-----000-0-eng-d</controlfield><datafield ind1=" " ind2=" " tag="080"><subfield code="a">778.3:542.2</subfield></datafield><datafield ind1=" " ind2=" " tag="100"><subfield code="a">Cavaleru,Alexandru,Ponta,Corneliu, Nicolae Marieta Si Ponta Daniela</subfield></datafield><datafield ind1=" " ind2=" " tag="245"><subfield code="a">Tehnici de laborator si fotografiere stiintifica. manual pentru licee industriale cu profil de electrotehnica, anii iii,iv si v</subfield></datafield><datafield ind1=" " ind2=" " tag="260"><subfield code="a">Bucuresti, Ed.Did.Si Ped.,1977. 486 P</subfield></datafield><datafield ind1=" " ind2=" " tag="852"><subfield code="a">44283</subfield></datafield></record></collection>